<record><leader>00000cas a22000001a 4500</leader><controlfield tag="001">32381426</controlfield><controlfield tag="007">hd bfa013baaa</controlfield><controlfield tag="008">950428d18421843iluwr nea     0    0eng d</controlfield><datafield ind1=" " ind2=" " tag="010"><subfield code="a">sn 94087517 </subfield></datafield><datafield ind1=" " ind2=" " tag="040"><subfield code="a">NN</subfield><subfield code="b">eng</subfield><subfield code="c">RQM</subfield><subfield code="d">OCL</subfield><subfield code="d">OCLCF</subfield><subfield code="d">OCLCO</subfield><subfield code="d">OCLCQ</subfield></datafield><datafield ind1=" " ind2=" " tag="012"><subfield code="i">9504</subfield></datafield><datafield ind1=" " ind2=" " tag="042"><subfield code="a">msc</subfield></datafield><datafield ind1=" " ind2=" " tag="043"><subfield code="a">n-us-il</subfield></datafield><datafield ind1="0" ind2=" " tag="130"><subfield code="a">Wasp (Nauvoo, Ill.)</subfield></datafield><datafield ind1="1" ind2="4" tag="245"><subfield code="a">The Wasp.</subfield></datafield><datafield ind1=" " ind2=" " tag="260"><subfield code="a">Nauvoo, Hancock County, Ill. :</subfield><subfield code="b">Wm. Smith,</subfield><subfield code="c">1842-1843.</subfield></datafield><datafield ind1=" " ind2=" " tag="300"><subfield code="a">volumes</subfield></datafield><datafield ind1=" " ind2=" " tag="310"><subfield code="a">Weekly</subfield></datafield><datafield ind1=" " ind2=" " tag="336"><subfield code="a">text</subfield><subfield code="b">txt</subfield><subfield code="2">rdacontent</subfield></datafield><datafield ind1=" " ind2=" " tag="337"><subfield code="a">microform</subfield><subfield code="b">h</subfield><subfield code="2">rdamedia</subfield></datafield><datafield ind1=" " ind2=" " tag="338"><subfield code="a">microfilm reel</subfield><subfield code="b">hd</subfield><subfield code="2">rdacarrier</subfield></datafield><datafield ind1="0" ind2=" " tag="362"><subfield code="a">Vol. 1, no. 1 (Apr. 16, 1842)-v. 1, no. 52 (Apr. 26, 1843) = Whole no. 1-52.</subfield></datafield><datafield ind1=" " ind2=" " tag="500"><subfield code="a">Extra issued on July 27, 1842.</subfield></datafield><datafield ind1=" " ind2=" " tag="500"><subfield code="a">Published by Taylor &amp; Woodruff, 1842-1843.</subfield></datafield><datafield ind1=" " ind2=" " tag="500"><subfield code="a">Editor: W. Smith, 1842.</subfield></datafield><datafield ind1=" " ind2=" " tag="515"><subfield code="a">Suspended with Nov. 12, 1842 issue; resumed with Dec. 3, 1842 issue.</subfield></datafield><datafield ind1=" " ind2=" " tag="580"><subfield code="a">Published from the office of: Times and seasons.</subfield></datafield><datafield ind1=" " ind2=" " tag="533"><subfield code="a">Microfilm.</subfield><subfield code="m">v.1:no. 12 (July 2,1842)</subfield><subfield code="b">New York :</subfield><subfield code="c">New York Public Library,</subfield><subfield code="d">[19--].</subfield><subfield code="e">1 microfilm reel ; 35 mm.</subfield></datafield><datafield ind1=" " ind2="0" tag="650"><subfield code="a">Mormons</subfield><subfield code="z">Illinois</subfield><subfield code="v">Newspapers.</subfield></datafield><datafield ind1=" " ind2="0" tag="651"><subfield code="a">Nauvoo (Ill.)</subfield><subfield code="v">Newspapers.</subfield></datafield><datafield ind1=" " ind2="7" tag="650"><subfield code="a">Mormons.</subfield><subfield code="2">fast</subfield><subfield code="0">(OCoLC)fst01026314</subfield></datafield><datafield ind1=" " ind2="7" tag="651"><subfield code="a">Illinois.</subfield><subfield code="2">fast</subfield><subfield code="0">(OCoLC)fst01205143</subfield></datafield><datafield ind1=" " ind2="7" tag="651"><subfield code="a">Illinois</subfield><subfield code="z">Nauvoo.</subfield><subfield code="2">fast</subfield><subfield code="0">(OCoLC)fst01210253</subfield></datafield><datafield ind1=" " ind2="7" tag="655"><subfield code="a">Newspapers.</subfield><subfield code="2">fast</subfield><subfield code="0">(OCoLC)fst01423814</subfield></datafield><datafield ind1="1" ind2=" " tag="700"><subfield code="a">Smith, William,</subfield><subfield code="d">1811-1893.</subfield></datafield><datafield ind1=" " ind2=" " tag="752"><subfield code="a">United States</subfield><subfield code="b">Illinois</subfield><subfield code="c">Hancock</subfield><subfield code="d">Nauvoo.</subfield></datafield><datafield ind1="1" ind2=" " tag="776"><subfield code="c">Original</subfield><subfield code="w">(DLC)sn 84024129</subfield></datafield><datafield ind1="0" ind2="0" tag="785"><subfield code="t">Nauvoo neighbor (Nauvoo, Ill. : 1843)</subfield><subfield code="w">(DLC)sn 94087019</subfield></datafield><datafield ind1="1" ind2=" " tag="787"><subfield code="t">Times and seasons</subfield></datafield><datafield ind1=" " ind2=" " tag="850"><subfield code="a">NN</subfield><subfield code="a">NN (master)</subfield></datafield><datafield ind1="1" ind2=" " tag="029"><subfield code="a">AU@</subfield><subfield code="b">000011681337</subfield></datafield></record>